@ARTICLE{Agn2007,
  author = {Agnolin, Ivana and Roux, Jean-No\"el},
  title = {Internal states of model isotropic granular packings. I. Assembling
	process, geometry, and contact networks},
  journal = {Phys. Rev. E},
  year = {2007},
  volume = {76},
  pages = {061302},
  number = {6},
  month = {Dec},
  doi = {10.1103/PhysRevE.76.061302},
  numpages = {27},
  publisher = {American Physical Society}
}

@PHDTHESIS{Choi2005,
  author = {Choi, J.},
  title = {Transport-limited aggregation and dense granular flow},
  school = {Massachusetts Institute of Technology},
  year = {2005}
}

@ARTICLE{DaCruz2005,
  author = {Da Cruz, F. and Emam, S. and Prochnow, M. and Roux, J. N. and Chevoir,
	F.},
  title = {Rheophysics of dense granular materials: Discrete simulation of plane
	shear flows},
  journal = {Physical Review E - Statistical, Nonlinear, and Soft Matter Physics},
  year = {2005},
  volume = {72},
  pages = {1-17},
  number = {2},
  owner = {Krishna Kumar},
  timestamp = {2011.07.25}
}

@TECHREPORT{Dasari2000,
  author = {Dasari, G.R. and Soga, K.},
  title = {A guide book for soil models and soil-pipe analysis using {ABAQUS}},
  institution = {University of Cambridge},
  year = {2000},
  type = {Report submitted to {T}okyo {G}as {C}o. {L}td., {T}okyo, {J}apan}
}

@ARTICLE{Forterre2003,
  author = {Forterre, Y. and Pouliquen, O.},
  title = {Long-surface-wave instability in dense granular flows},
  journal = {Journal of Fluid Mechanics},
  year = {2003},
  pages = {21-50},
  number = {486},
  owner = {Krishna Kumar},
  timestamp = {2011.07.25}
}

@BOOK{Daan1996,
  title = {Understanding molecular simulation: From algorithms to applications},
  publisher = {Academic Press},
  year = {1996},
  author = {Daan Frenkel and Berend Smit},
  owner = {Krishna Kumar},
  timestamp = {2011.07.07}
}

@BOOK{frisch1995,
  title = {Turbulence: the legacy of AN Kolmogorov},
  publisher = {Cambridge Univ Pr},
  year = {1995},
  author = {Frisch, U. and Kolmogorov, A.N.}
}

@ARTICLE{Gallouat2010,
  author = {Gallouat, Thierry and Helluy, Philippe and Hacrard, Jean-Marc and
	Nussbaum, Julien},
  title = {Hyperbolic relaxation models for granular flows},
  journal = {ESAIM: Mathematical Modelling and Numerical Analysis},
  year = {2010},
  volume = {44},
  pages = {371-400},
  number = {02},
  owner = {Krishna Kumar},
  timestamp = {2011.07.25}
}

@ARTICLE{meakin1985,
  author = {P. Meakin and R. Jullien},
  title = {Structural readjustment effects in cluster-cluster aggregation},
  journal = {Journal de Physique},
  year = {1985},
  volume = {46},
  pages = {1543--1552},
  number = {9}
}

@BOOK{Mehta2011,
  title = {Granular Physics},
  publisher = {Cambridge University Press},
  year = {2011},
  author = {Mehta, A.},
  isbn = {9780521187992},
  url = {http://books.google.co.uk/books?id=CS7GcQAACAAJ}
}

@ARTICLE{mehta1994,
  author = {Mehta, A. and Barker, GC},
  title = {The dynamics of sand},
  journal = {Reports on Progress in Physics},
  year = {1994},
  volume = {57},
  pages = {383},
  publisher = {IOP Publishing}
}